@article {vrbarriers2018,
    author = {Leighton Evans},
    url = {https://www.researchgate.net/publication/333502677_Barriers_to_VR_use_in_HE/fulltext/5cf0a0c74585153c3da7a768/Barriers-to-VR-use-in-HE.pdf},
    year = {2018},
    title = {Barriers to VR use in HE},
}

@article {vraccessibility2022,
    author = {Grant Stoner},
    url = {https://www.wired.com/story/virtual-reality-accessibility-disabilities/},
    year = {2022},
    title = {VR Is Here to Stay. It's Time to Make It Accessible},
}

@article {technosolutionism2021,
    author = {Lucie Krahulcova},
    url = {https://digitalrightswatch.org.au/2021/03/25/technosolutionism/#:~:text=Techno\%20solutionism\%20gained\%20notoriety\%20as,solve\%20complex\%20real\%20world\%20problems},
    year = {2021},
    title = {Techno solutionismâ€”very few things actually need to be an app.},
}

@article {motionsicknessvr2019,
    author = {Meeri Kim},
    url = {https://abcnews.go.com/Technology/feel-motion-sickness-virtual-reality/story?id=65153805},
    year = {2019},
    title = {Why you feel motion sickness during virtual reality},
}

@article {translationmisrep2008,
    author = {Said Faiq},
    url = {https://www.sejongjul.org/download/download_pdf?pid=jul-9-2-31},
    year = {2008},
    title = {Cultural Misrepresentation through Translation},
}

@article {implicitbias201516,
    author = {Cheryl Staats},
    url = {https://files.eric.ed.gov/fulltext/EJ1086492.pdf},
    year = {2015-2016},
    title = {Understanding Implicit Bias},
}

@article {mexstereotype2016,
    author = {Elena Aspe},
    url = {https://foodanddrink.scotsman.com/food/authentic-or-stereotype-three-mexican-food-myths-dispelled/},
    year = {2016},
    title = {Authentic or stereotype? Three Mexican food myths dispelled},
}

@misc {moss2019, 
    url = {https://store.steampowered.com/app/846470/Moss/},
    author = {Polyarc},
    year = {2018},
    title = {Moss}

}

@misc {arcaspath2018, 
    url = {https://store.steampowered.com/app/842120/Arcas_Path_VR/},
    year = {2018},
    title = {Arca's Path VR},
}

@misc {annefrank2018, 
    url = {https://www.oculus.com/experiences/go/1596151970428159/},
    author = {Force Field},
    year = {2018},
    title = {Anne Frank House VR},
}

@book {granlibro1988, 
    ISBN = {9686147063},
    author = {Alicia Gironella De'Angeli, Jorge De'Angeli},
    year = {1988},
    title = {Gran Libro de la Cocina Mexicana},
}
